
@inproceedings{li2012knowing,
  title={Knowing your enemy: understanding and detecting malicious web
    advertising},
  author={Li, Zhou and Zhang, Kehuan and Xie, Yinglian and Yu, Fang and
    Wang, XiaoFeng},
  booktitle={Proceedings of the 2012 ACM conference on Computer and
    communications security},
  pages={674--686},
  year={2012},
  organization={ACM}
}


@inproceedings{charikar2002similarity,
  title={Similarity estimation techniques from rounding algorithms},
  author={Charikar, Moses S},
  booktitle={Proceedings of the thiry-fourth annual ACM symposium on
    Theory of computing},
  pages={380--388},
  year={2002},
  organization={ACM}
}


@inproceedings{manku2007detecting,
  title={Detecting near-duplicates for web crawling},
  author={Manku, Gurmeet Singh and Jain, Arvind and Das Sarma, Anish},
  booktitle={Proceedings of the 16th international conference on World
    Wide Web},
  pages={141--150},
  year={2007},
  organization={ACM}
}


@article{lin2009detection,
  title={Detection of cloaked web spam by using tag-based methods},
  author={Lin, Jun-Lin},
  journal={Expert Systems with Applications},
  volume={36},
  number={4},
  pages={7493--7499},
  year={2009},
  publisher={Elsevier}
}


@inproceedings{wu2005cloaking,
  title={Cloaking and Redirection: A Preliminary Study.},
  author={Wu, Baoning and Davison, Brian D},
  booktitle={AIRWeb},
  pages={7--16},
  year={2005}
}


@inproceedings{chellapilla2006improving,
  title={Improving Cloaking Detection using Search Query Popularity and
    Monetizability.},
  author={Chellapilla, Kumar and Chickering, David Maxwell},
  booktitle={AIRWeb},
  pages={17--23},
  year={2006}
}



@misc{intro:cloakware,
  note   =
  {\URL{http://www.blackhatworld.com/blackhat-seo/cloaking-content-generators/654307-fb-cloaker-recommendations-blackjack-wpcloaker-polarbacon.html}},
  title  = {Android App Update Flaw Affects China-Based Users},
  year   = {2014},
  type   = {Reports},
  month  = apr,
  author = {Tao, Chengkai},
}


@inproceedings{erlingsson2014rappor,
  title={RAPPOR: Randomized Aggregatable Privacy-Preserving Ordinal
    Response},
  author={Erlingsson, {\'U}lfar and Pihur, Vasyl and Korolova,
    Aleksandra},
  booktitle={Proceedings of the 2014 ACM SIGSAC Conference on
    Computer and Communications Security},
  pages={1054--1067},
  year={2014},
  organization={ACM}
}

@article{scikit-learn,
  title={Scikit-learn: Machine Learning in {P}ython},
  author={Pedregosa, F. and Varoquaux, G. and Gramfort, A. and Michel, V.
    and Thirion, B. and Grisel, O. and Blondel,
    M. and Prettenhofer, P.
      and Weiss, R. and Dubourg, V. and Vanderplas,
    J. and Passos, A. and
      Cournapeau, D. and Brucher, M. and Perrot, M.
      and Duchesnay, E.},
  journal={Journal of Machine Learning Research},
  volume={12},
  pages={2825--2830},
  year={2011}
}


@inproceedings{wu2006detecting,
  title={Detecting semantic cloaking on the web},
  author={Wu, Baoning and Davison, Brian D},
  booktitle={Proceedings of the 15th international conference on World
    Wide Web},
  pages={819--828},
  year={2006},
  organization={ACM}
}


@inproceedings{deng2013uncovering,
  title={Uncovering Cloaking Web Pages with Hybrid Detection Approaches},
  author={Deng, Jun and Chen, Hao and Sun, Jianhua},
  booktitle={Computational and Business Intelligence (ISCBI), 2013
    International Symposium on},
  pages={291--296},
  year={2013},
  organization={IEEE}
}


@misc{najork2005system,
  title={System and method for identifying cloaked web servers},
  author={Najork, Marc A},
  year={2005},
  publisher={Google Patents},
  note={US Patent 6,910,077}
}

@inproceedings{wang2006detecting,
  title={Detecting Stealth Web Pages That Use Click-Through Cloaking},
  author={Wang, Yi-Min and Ma, Ming},
  booktitle={Microsoft Research Technical Report, MSR-TR},
  year={2006}
}


@inproceedings{henzinger2002challenges,
  title={Challenges in web search engines},
  author={Henzinger, Monika R and Motwani, Rajeev and Silverstein, Craig},
  booktitle={ACM SIGIR Forum},
  volume={36},
  number={2},
  pages={11--22},
  year={2002},
  organization={ACM}
}

