

@inproceedings{wang2011cloak,
	title={Cloak and dagger: dynamics of web search cloaking},
	author={Wang, David Y and Savage, Stefan and Voelker, Geoffrey M},
	booktitle={Proceedings of the 18th ACM conference on Computer and communications security},
	pages={477--490},
	year={2011},
	organization={ACM}
}
